<?xml version="1.0" encoding="UTF-8"?><collection xmlns="http://www.loc.gov/MARC21/slim"><record><leader>00355nam--2200121-i-4500</leader><controlfield tag="001">000036571</controlfield><controlfield tag="002">20161230</controlfield><controlfield tag="005">20161230201041</controlfield><controlfield tag="008">060222s1000------------r-----000-0-eng-d</controlfield><datafield ind1=" " ind2=" " tag="100"><subfield code="a">Planck, Max</subfield></datafield><datafield ind1=" " ind2=" " tag="245"><subfield code="a">Die physik im kampf um die weltanschauung vortrag, gehalten am 1935. 9-te auflage unveranderte</subfield></datafield><datafield ind1=" " ind2=" " tag="260"><subfield code="a">Leipzig, J.A.Barth, 1958, 30p</subfield></datafield><datafield ind1=" " ind2=" " tag="852"><subfield code="a">5025</subfield></datafield></record></collection>